@online{ashaiyengar-2023,
	author = {AshaIyengar},
	month = {2},
	title = {{Network ports for clients and mail flow in Exchange}},
	year = {2023},
	howpublished = {\url{https://learn.microsoft.com/en-us/exchange/plan-and-deploy/deployment-ref/network-ports?view=exchserver-2019#network-ports-required-for-clients-and-services}},
	note = {Aufgerufen am: 12.05.2024}
}
@online{teamviewer-2024,
	author = {TeamViewer},
	month = {4},
	title = {{Ports used by TeamViewer}},
	year = {2024},
	howpublished = {\url{https://www.teamviewer.com/en-us/global/support/knowledge-base/teamviewer-classic/troubleshooting/ports-used-by-teamviewer/}},
	note = {Aufgerufen am: 12.05.2024}
}
@online{suricata-quickstart,
	title = {{2. Quickstart guide — Suricata 8.0.0-dev documentation}},
	howpublished = {\url{https://docs.suricata.io/en/latest/quickstart.html#}},
	note = {Aufgerufen am: 12.05.2024}
}
@online{suricata-rulemanagement,
	title = {{9.1. Rule Management with Suricata-Update — Suricata 8.0.0-dev documentation}},
	howpublished = {\url{https://docs.suricata.io/en/latest/rule-management/suricata-update.html}},
	note = {Aufgerufen am: 12.05.2024}
}

@online{iptables-manpage,
	author = {Herve Eychenne},
	title = {iptables(8) - Linux man page},
	howpublished = {\url{https://linux.die.net/man/8/iptables}},
	note = {Aufgerufen am: 12.05.2024}
}
@online{ping-manpage,
	title = {ping(8) - Linux man page},
	howpublished = {\url{https://linux.die.net/man/8/ping}},
	note = {Aufgerufen am: 21.07.2024}
}
@online{ipv4forward-kernel,
	author = {Luke Reynolds},
	title = {Linux IP forwarding - How to Disable/Enable using net.ipv4.ip-forward},
	day = {7},
	month = {12},
	year = {2023},
	howpublished = {\url{https://linuxconfig.org/how-to-turn-on-off-ip-forwarding-in-linux}},
	note = {Aufgerufen am: 12.05.2024}
}
@online{nmap-manual,
	title = {Nmap-Referenz-Handbuch (Man Page)},
	howpublished = {\url{https://nmap.org/man/de/index.html}},
	note = {Aufgerufen am: 15.06.2024}
}
@online{ettercap-manual,
	title = {ettercap - Kali Linux Tools},
	howpublished = {\url{https://www.kali.org/tools/ettercap/}},
	note = {Aufgerufen am: 15.06.2024}
}
@online{delftship,
	title = {Delftship - Activation},
	howpublished = {\url{https://www.delftship.net/activation/}},
	note = {Aufgerufen am: 15.06.2024}
}
@online{what-is-arp-spoofing,
	title = {Address Resolution Protocol (ARP) Spoofing:  What It Is and How to Prevent an ARP Attack},
	author = {Bart Lenaerts-Bergmans},
	year = {2022},
	month = {5},
	day = {19},
	howpublished = {\url{https://www.crowdstrike.com/cybersecurity-101/spoofing-attacks/arp-spoofing/}},
	note = {Aufgerufen am: 01.07.2024}
}
@online{layer-ids,
	title = {IDS and IPS},
	author = {HIPAAVault},
	howpublished = {\url{https://www.hipaavault.com/managed-services/ids-and-ips/}}},
	note = {Aufgerufen am: 01.07.2024}
}
@online{layer-arp,
	title = {Address Resolution Protocol (ARP)},
	author = {Mariusz Zydyk},
	year = {2023},
	month = {12},
	howpublished = {\url{https://www.techtarget.com/searchnetworking/definition/Address-Resolution-Protocol-ARP}}},
	note = {Aufgerufen am: 01.07.2024}
}
@online{hping-kalitools,
	title = {Hping3},
	howpublished = {\url{https://www.kali.org/tools/hping3/}},
	note = {Aufgerufen am: 22.07.2024}
}
@online{allowlist,
	author = {Redaktion ComputerWeekly.de, TechTarget},
	year = {2022},
	month = {6},
	title = {Allowlist (Whitelist) },
	howpublished = {\url{https://www.computerweekly.com/de/definition/Whitelist}},
	note = {Aufgerufen am: 22.07.2024}
}
@online{ram-dump,
	author = {Richard T. Frawley},
	year = {2023},
	month = {5},
	day = {12},
	title = {Memory Forensics: Effective Digital Forensics Investigations Basics},
	howpublished = {\url{https://www.adfsolutions.com/adf-blog/memory-forensics-101-the-basics-you-need-to-know-for-effective-digital-forensics-investigations}},
	note = {Aufgerufen am: 25.07.2024}
}
@online{port-sps,
	author = {Alois Träger},
	year = {2013},
	month = {3},
	day = {19},
	title = {Simatic S7 in Gefahr},
	howpublished = {\url{https://www.sps-magazin.de/allgemein/simatic-s7-in-gefahr/}},
	note = {Aufgerufen am: 25.07.2024}
}
@online{multicast-ip,
	author = {Stig Venaas},
	year = {2024},
	month = {7},
	day = {9},
	title = {IPv4 Multicast Address Space Registry},
	howpublished = {\url{https://www.iana.org/assignments/multicast-addresses/multicast-addresses.xml}},
	note = {Aufgerufen am: 25.07.2024}
}
@online{siemens-s7-cpu-1511-1-PN,
	author = {Siemens},
	year = {2022},
	title = {CPU 1511-1 PN},
	howpublished = {\url{https://mall.industry.siemens.com/mall/de/de/Catalog/Products/10204209#Technische%20Daten}},
	note = {Aufgerufen am: 25.07.2024}
}
@online{siemens-s7-cpu-1512C-1-PN,
	author = {Siemens},
	year = {2022},
	title = {CPU 1512C-1 PN},
	howpublished = {\url{https://mall.industry.siemens.com/mall/de/de/Catalog/Products/10268310#Technische%20Daten}},
	note = {Aufgerufen am: 25.07.2024}
}